@Article{d,
  title =	"Unifying distillation and privileged information",
  author =	"David Lopez-Paz, Leon Bottou, Bernhard Scholkopf",
  journal =	"Journal of Machine Learning Research",
  year = 	"2012",
  volume =	"23",
  pages =	"1117--1193",
  URL =  	"http://portal.acm.org/citation.cfm?id=1859900",
}

@Article{c,
  title =	" A new learning paradigm: Learning using privileged information.",
  author =	" Vapnik V., Vashist A.",
  journal =	" Neural Networks.",
  year = 	"2009",
  URL =  	"http://portal.acm.org/citation.cfm?id=1859900",
}
@Article{b,
  title =	"Distilling the Knowledge in a Neural Network",
  author =	"Hinton Geoffrey E., Vinyals Oriol, Dean Jeffrey.",
  journal =	"Journal of Machine Learning Research",
  year = 	"2015",
  URL =  	"http://arxiv.org/abs/1503.02531",
}
@Article{a,
  title =	"Twenty Years of Mixture of Experts ",
  author =	"Yuksel Seniha Esen, Wilson Joseph N., Gader Paul D.",
  journal =	"Journal of Machine Learning Research",
  year = 	"2012",
  volume =	"23",
  pages =	"1117--1193",
  URL =  	"http://portal.acm.org/citation.cfm?id=1859900",
}
@Article{e,
  title =	"Twenty Years of Mixture of Experts ",
  author =	"Yuksel Seniha Esen, Wilson Joseph N., Gader Paul D.",
  journal =	"Journal of Machine Learning Research",
  year = 	"2012",
  volume =	"23",
  pages =	"1117--1193",
  URL =  	"http://portal.acm.org/citation.cfm?id=1859900",
}
